@book{book:narahari,
   title =     {Game Theory and Mechanism Design},
   author =    {Y Narahari},
   publisher = {World Scientific Publishing Company / Indian Inst of Science, India},
   isbn =      {9814525049,9789814525046},
   year =      {2014},
   series =    {IISC Lecture Notes},
   edition =   {},
   volume =    {},
}
@book{book:hans,
   title =     {Game Theory: A Multi-Leveled Approach},
   author =    {Hans Peters (auth.)},
   publisher = {Springer-Verlag Berlin Heidelberg},
   isbn =      {978-3-662-46949-1,978-3-662-46950-7},
   year =      {2015},
   series =    {Springer Texts in Business and Economics},
   edition =   {2},
   volume =    {},
}
@book{book:webb,
   title =     {Game Theory: Decisions, Interaction and Evolution},
   author =    {James N. Webb},
   publisher = {Springer},
   isbn =      {9781846284236,9781846284236},
   year =      {2007},
   series =    {Springer Undergraduate Mathematics Series},
   edition =   {},
   volume =    {},
}
@book{book:osborn,
   title =     {An Introduction to Game Theory},
   author =    {Martin J. Osborne},
   publisher = {Oxford University Press},
   isbn =      {0195322487, 9780195322484},
   year =      {2009},
   series =    {},
   edition =   {},
   volume =    {},
}
@book{book:landsburg,
   title =     {Can You Outsmart an Economist},
   author =    {Steven E Landsburg},
   publisher = {Mariner Books},
   isbn =      {9781328489821},
   year =      {2018},
   series =    {},
   edition =   {},
   volume =    {},
}